<?xml version="1.0" encoding="UTF-8"?><collection xmlns="http://www.loc.gov/MARC21/slim"><record><leader>00794nam--2200205-i-4500</leader><controlfield tag="001">000020311</controlfield><controlfield tag="002">20161230</controlfield><controlfield tag="005">20161230201033</controlfield><controlfield tag="008">060222s1000------------r-----000-0-eng-d</controlfield><datafield ind1=" " ind2=" " tag="020"><subfield code="a">9029803002</subfield></datafield><datafield ind1=" " ind2=" " tag="041"><subfield code="a">IFIN-HH</subfield></datafield><datafield ind1=" " ind2=" " tag="080"><subfield code="a">537.226(061.3)</subfield></datafield><datafield ind1="1" ind2=" " tag="100"><subfield code="a">Goldschvartz, J.M</subfield></datafield><datafield ind1="1" ind2="0" tag="245"><subfield code="a">Conduction and breakdown in dielectric liquid</subfield><subfield code="b">Proceedings of the 5th international conference organized by the department of applied physics of the deft university of technology, noordwijkerhout, the netherlands, 28-31 july 1975, preface by b.s. blaise</subfield><subfield code="c">J.m. goldschvartz; a.k. niessen; w. boone (eds.)</subfield></datafield><datafield ind1=" " ind2=" " tag="260"><subfield code="a">Rotterdam</subfield><subfield code="b">Delft University Press</subfield><subfield code="c">1975</subfield></datafield><datafield ind1=" " ind2=" " tag="300"><subfield code="a">XI + 243 P</subfield></datafield><datafield ind1=" " ind2=" " tag="490"><subfield code="a">Proceedings</subfield></datafield><datafield ind1="1" ind2=" " tag="700"><subfield code="a">Boone, W</subfield><subfield code="e">Ed</subfield></datafield><datafield ind1=" " ind2=" " tag="852"><subfield code="a">73174</subfield><subfield code="c">537.226</subfield></datafield><datafield ind1=" " ind2=" " tag="CAT"><subfield code="a">Sys</subfield><subfield code="c">20110707</subfield><subfield code="h">124243</subfield></datafield></record></collection>